<record><leader>00000cas a22000007a 4500</leader><controlfield tag="001">21480825</controlfield><controlfield tag="008">900504d18891908mouwr ne      0    0eng d</controlfield><datafield ind1=" " ind2=" " tag="010"><subfield code="a">sn 90061621 </subfield></datafield><datafield ind1=" " ind2=" " tag="040"><subfield code="a">MQN</subfield><subfield code="b">eng</subfield><subfield code="c">MQN</subfield><subfield code="d">OCLCQ</subfield></datafield><datafield ind1=" " ind2=" " tag="042"><subfield code="a">msc</subfield></datafield><datafield ind1="0" ind2="4" tag="245"><subfield code="a">The Smithville herald.</subfield></datafield><datafield ind1=" " ind2=" " tag="260"><subfield code="a">Smithville, Clay County, Mo. :</subfield><subfield code="b">J.W. Wilkerson &amp; Dale Craig</subfield></datafield><datafield ind1=" " ind2=" " tag="300"><subfield code="a">v.</subfield></datafield><datafield ind1=" " ind2=" " tag="310"><subfield code="a">Weekly</subfield></datafield><datafield ind1="1" ind2=" " tag="362"><subfield code="a">Began in 1889? Ceased Dec. 31, 1908?</subfield></datafield><datafield ind1=" " ind2=" " tag="588"><subfield code="a">Description based on: Vol. 12, no. 39 (July 26, 1901).</subfield></datafield><datafield ind1=" " ind2=" " tag="752"><subfield code="a">United States</subfield><subfield code="b">Missouri</subfield><subfield code="c">Clay</subfield><subfield code="d">Smithville.</subfield></datafield><datafield ind1="0" ind2="7" tag="785"><subfield code="t">Smithville democrat</subfield></datafield><datafield ind1="0" ind2="7" tag="785"><subfield code="t">Democrat-herald (Smithville, Mo.)</subfield><subfield code="w">(DLC)sn 90061622</subfield></datafield></record>